<record><leader>00000cas a22000007a 4500</leader><controlfield tag="001">18712670</controlfield><controlfield tag="008">881104d19131922mduwr ne      0    0eng d</controlfield><datafield ind1=" " ind2=" " tag="010"><subfield code="a">sn 88065724 </subfield></datafield><datafield ind1=" " ind2=" " tag="040"><subfield code="a">MFN</subfield><subfield code="b">eng</subfield><subfield code="c">MFN</subfield><subfield code="d">OCLCQ</subfield></datafield><datafield ind1=" " ind2=" " tag="042"><subfield code="a">msc</subfield></datafield><datafield ind1="0" ind2=" " tag="130"><subfield code="a">Sykesville herald (Sykesville, Md. : 1913)</subfield></datafield><datafield ind1="1" ind2="0" tag="245"><subfield code="a">Sykesville herald.</subfield></datafield><datafield ind1=" " ind2=" " tag="260"><subfield code="a">Sykesville, Md. :</subfield><subfield code="b">Herald Co.</subfield></datafield><datafield ind1=" " ind2=" " tag="300"><subfield code="a">v.</subfield></datafield><datafield ind1=" " ind2=" " tag="310"><subfield code="a">Weekly</subfield></datafield><datafield ind1="0" ind2=" " tag="362"><subfield code="a">Vol. 1, no. 1 (Sept. 18, 1913)-v. 10, no. 11 (Nov. 16, 1922).</subfield></datafield><datafield ind1=" " ind2=" " tag="752"><subfield code="a">United States</subfield><subfield code="b">Maryland</subfield><subfield code="c">Carroll</subfield><subfield code="d">Sykesville.</subfield></datafield><datafield ind1="0" ind2="7" tag="785"><subfield code="t">Mount Airy messenger</subfield><subfield code="w">(DLC)sn 89060409</subfield></datafield><datafield ind1="0" ind2="7" tag="785"><subfield code="t">Herald-messenger (Sykesville, Md.)</subfield><subfield code="w">(DLC)sn 88065725</subfield></datafield></record>